@inproceedings{deng2020graphzoom,
	title={GraphZoom: A Multi-level Spectral Approach for Accurate and Scalable Graph Embedding},
	author={Chenhui Deng and Zhiqiang Zhao and Yongyu Wang and Zhiru Zhang and Zhuo Feng},
	booktitle={International Conference on Learning Representations},
	year={2020},
	url={https://openreview.net/forum?id=r1lGO0EKDH}
}

@inproceedings{gama2019diffusion,
	title={Diffusion scattering transforms on graphs},
	author={Gama, Fernando and Estrach, Joan Bruna and Ribeiro, Alejandro},
	booktitle={7th International Conference on Learning Representations, ICLR 2019},
	year={2019}
}


@inproceedings{gama2019stability,
	title={Stability of graph scattering transforms},
	author={Gama, Fernando and Ribeiro, Alejandro and Bruna, Joan},
	booktitle={Advances in Neural Information Processing Systems},
	pages={8036--8046},
	year={2019}
}
@article{hammond2011wavelets,
	title={Wavelets on graphs via spectral graph theory},
	author={Hammond, David K and Vandergheynst, Pierre and Gribonval, R{\'e}mi},
	journal={Applied and Computational Harmonic Analysis},
	volume={30},
	number={2},
	pages={129--150},
	year={2011},
	publisher={Elsevier}
}

@inproceedings{xu2019graph,
	author    = {Bingbing Xu and
	Huawei Shen and
	Qi Cao and
	Yunqi Qiu and
	Xueqi Cheng},
	title     = {Graph Wavelet Neural Network},
	booktitle = {7th International Conference on Learning Representations, {ICLR} 2019},
	timestamp = {Thu, 25 Jul 2019 14:25:48 +0200},
	biburl    = {https://dblp.org/rec/conf/iclr/XuSCQC19.bib},
	bibsource = {dblp computer science bibliography, https://dblp.org}
}



@article{zhang2020deep,
	title={Deep learning on graphs: A survey},
	author={Zhang, Ziwei and Cui, Peng and Zhu, Wenwu},
	journal={IEEE Transactions on Knowledge and Data Engineering},
	year={2020},
	publisher={IEEE}
}
@article{zhou2018graph,
	title={Graph neural networks: A review of methods and applications},
	author={Zhou, Jie and Cui, Ganqu and Zhang, Zhengyan and Yang, Cheng and Liu, Zhiyuan and Wang, Lifeng and Li, Changcheng and Sun, Maosong},
	journal={arXiv preprint arXiv:1812.08434},
	year={2018}
}
@article{wu2020comprehensive,
	title={A comprehensive survey on graph neural networks},
	author={Wu, Zonghan and Pan, Shirui and Chen, Fengwen and Long, Guodong and Zhang, Chengqi and Philip, S Yu},
	journal={IEEE Transactions on Neural Networks and Learning Systems},
	year={2020},
	publisher={IEEE}
}

@inproceedings{ma2019multi,
	title={Multi-dimensional graph convolutional networks},
	author={Ma, Yao and Wang, Suhang and Aggarwal, Chara C and Yin, Dawei and Tang, Jiliang},
	booktitle={Proceedings of the 2019 SIAM International Conference on Data Mining},
	pages={657--665},
	year={2019},
	organization={SIAM}
}
@inproceedings{ma2018multi,
	title={Multi-dimensional network embedding with hierarchical structure},
	author={Ma, Yao and Ren, Zhaochun and Jiang, Ziheng and Tang, Jiliang and Yin, Dawei},
	booktitle={Proceedings of the Eleventh ACM International Conference on Web Search and Data Mining},
	pages={387--395},
	year={2018}
}

@INPROCEEDINGS{li2019deepgcns,
	
	author={G. {Li} and M. {Müller} and A. {Thabet} and B. {Ghanem}},
	
	booktitle={2019 IEEE/CVF International Conference on Computer Vision (ICCV)}, 
	
	title={DeepGCNs: Can GCNs Go As Deep As CNNs?}, 
	
	year={2019},
	
	volume={},
	
	number={},
	
	pages={9266-9275},}

@inproceedings{xue2020multi,
	title={Multi-hop Hierarchical Graph Neural Networks},
	author={Xue, Hui and Sun, Xin-Kai and Sun, Wei-Xiang},
	booktitle={2020 IEEE International Conference on Big Data and Smart Computing (BigComp)},
	pages={82--89},
	year={2020},
	organization={IEEE}
}


@inproceedings{wu2019simplifying,
	author={Felix Wu and Amauri H. Souza Jr. and Tianyi Zhang and Christopher Fifty and Tao Yu and Kilian Q. Weinberger},
	title={Simplifying Graph Convolutional Networks},
	year={2019},
	cdate={1546300800000},
	pages={6861-6871},
	url={http://proceedings.mlr.press/v97/wu19e.html},
	booktitle={ICML},
	crossref={conf/icml/2019}
}


@article{ortega2018graph,
	title={Graph signal processing: Overview, challenges, and applications},
	author={Ortega, Antonio and Frossard, Pascal and Kova{\v{c}}evi{\'c}, Jelena and Moura, Jos{\'e} MF and Vandergheynst, Pierre},
	journal={Proceedings of the IEEE},
	volume={106},
	number={5},
	pages={808--828},
	year={2018},
	publisher={IEEE}
}
@article{ruiz2020gated,
	title={Gated graph recurrent neural networks},
	author={Ruiz, Luana and Gama, Fernando and Ribeiro, Alejandro},
	journal={arXiv preprint arXiv:2002.01038},
	year={2020}
}

@inproceedings{ying2018hierarchical,
	title={Hierarchical graph representation learning with differentiable pooling},
	author={Ying, Zhitao and You, Jiaxuan and Morris, Christopher and Ren, Xiang and Hamilton, Will and Leskovec, Jure},
	booktitle={Advances in neural information processing systems},
	pages={4800--4810},
	year={2018}
}

@inproceedings{lee2019self,
	title={Self-Attention Graph Pooling},
	author={Lee, Junhyun and Lee, Inyeop and Kang, Jaewoo},
	booktitle={International Conference on Machine Learning},
	pages={3734--3743},
	year={2019}
}

@article{diehl2019edge,
	title={Edge contraction pooling for graph neural networks},
	author={Diehl, Frederik},
	journal={arXiv preprint arXiv:1905.10990},
	year={2019}
}
@inproceedings{simonovsky2018graphvae,
	title={Graphvae: Towards generation of small graphs using variational autoencoders},
	author={Simonovsky, Martin and Komodakis, Nikos},
	booktitle={International Conference on Artificial Neural Networks},
	pages={412--422},
	year={2018},
	organization={Springer}
}
@inproceedings{hamilton2017inductive,
	title={Inductive representation learning on large graphs},
	author={Hamilton, Will and Ying, Zhitao and Leskovec, Jure},
	booktitle={Advances in neural information processing systems},
	pages={1024--1034},
	year={2017}
}
@inproceedings{
	klicpera2018combining,
	title={Combining Neural Networks with Personalized PageRank for Classification on Graphs},
	author={Johannes Klicpera and Aleksandar Bojchevski and Stephan Günnemann},
	booktitle={International Conference on Learning Representations},
	year={2019},
	url={https://openreview.net/forum?id=H1gL-2A9Ym},
}



@misc{klicpera2020directional,
	title={Directional Message Passing for Molecular Graphs},
	author={Johannes Klicpera and Janek Groß and Stephan Günnemann},
	year={2020},
	eprint={2003.03123},
	archivePrefix={arXiv},
	primaryClass={cs.LG}
}
@misc{franceschi2019learning,
	title={Learning Discrete Structures for Graph Neural Networks},
	author={Luca Franceschi and Mathias Niepert and Massimiliano Pontil and Xiao He},
	year={2019},
	eprint={1903.11960},
	archivePrefix={arXiv},
	primaryClass={cs.LG}
}
@misc{chen2019deep,
	title={Deep Iterative and Adaptive Learning for Graph Neural Networks},
	author={Yu Chen and Lingfei Wu and Mohammed J. Zaki},
	year={2019},
	eprint={1912.07832},
	archivePrefix={arXiv},
	primaryClass={cs.LG}
}
@inproceedings{klicpera2019diffusion,
	title={Diffusion Improves Graph Learning},
	author={Klicpera, Johannes and Wei{\ss}enberger, Stefan and G{\"u}nnemann, Stephan},
	booktitle={Advances in Neural Information Processing Systems},
	pages={13333--13345},
	year={2019}
}

@misc{abuelhaija2019mixhop,
	title={MixHop: Higher-Order Graph Convolutional Architectures via Sparsified Neighborhood Mixing},
	author={Sami Abu-El-Haija and Bryan Perozzi and Amol Kapoor and Nazanin Alipourfard and Kristina Lerman and Hrayr Harutyunyan and Greg Ver Steeg and Aram Galstyan},
	year={2019},
	eprint={1905.00067},
	archivePrefix={arXiv},
	primaryClass={cs.LG}
}
@article{Shuman_2013,
	title={The emerging field of signal processing on graphs: Extending high-dimensional data analysis to networks and other irregular domains},
	volume={30},
	ISSN={1053-5888},
	url={http://dx.doi.org/10.1109/MSP.2012.2235192},
	DOI={10.1109/msp.2012.2235192},
	number={3},
	journal={IEEE Signal Processing Magazine},
	publisher={Institute of Electrical and Electronics Engineers (IEEE)},
	author={Shuman, D. I. and Narang, S. K. and Frossard, P. and Ortega, A. and Vandergheynst, P.},
	year={2013},
	month={May},
	pages={83–98}
}
@misc{battaglia2018relational,
	title={Relational inductive biases, deep learning, and graph networks},
	author={Peter W. Battaglia and Jessica B. Hamrick and Victor Bapst and Alvaro Sanchez-Gonzalez and Vinicius Zambaldi and Mateusz Malinowski and Andrea Tacchetti and David Raposo and Adam Santoro and Ryan Faulkner and Caglar Gulcehre and Francis Song and Andrew Ballard and Justin Gilmer and George Dahl and Ashish Vaswani and Kelsey Allen and Charles Nash and Victoria Langston and Chris Dyer and Nicolas Heess and Daan Wierstra and Pushmeet Kohli and Matt Botvinick and Oriol Vinyals and Yujia Li and Razvan Pascanu},
	year={2018},
	eprint={1806.01261},
	archivePrefix={arXiv},
	primaryClass={cs.LG}
}


@misc{henaff2015deep,
	title={Deep Convolutional Networks on Graph-Structured Data},
	author={Mikael Henaff and Joan Bruna and Yann LeCun},
	year={2015},
	eprint={1506.05163},
	archivePrefix={arXiv},
	primaryClass={cs.LG}
}

@inproceedings{defferrard2016convolutional,
	title={Convolutional neural networks on graphs with fast localized spectral filtering},
	author={Defferrard, Micha{\"e}l and Bresson, Xavier and Vandergheynst, Pierre},
	booktitle={Advances in neural information processing systems},
	pages={3844--3852},
	year={2016}
}
@inproceedings{li2018adaptive,
	title={Adaptive graph convolutional neural networks},
	author={Li, Ruoyu and Wang, Sheng and Zhu, Feiyun and Huang, Junzhou},
	booktitle={Thirty-second AAAI conference on artificial intelligence},
	year={2018}
}
@inproceedings{zhuang2018dual,
	title={Dual graph convolutional networks for graph-based semi-supervised classification},
	author={Zhuang, Chenyi and Ma, Qiang},
	booktitle={Proceedings of the 2018 World Wide Web Conference},
	pages={499--508},
	year={2018}
}

@inproceedings{donnat2018learning,
	title={Learning structural node embeddings via diffusion wavelets},
	author={Donnat, Claire and Zitnik, Marinka and Hallac, David and Leskovec, Jure},
	booktitle={Proceedings of the 24th ACM SIGKDD International Conference on Knowledge Discovery \& Data Mining},
	pages={1320--1329},
	year={2018}
}
@inproceedings{vaswani2017attention,
	title={Attention is all you need},
	author={Vaswani, Ashish and Shazeer, Noam and Parmar, Niki and Uszkoreit, Jakob and Jones, Llion and Gomez, Aidan N and Kaiser, {\L}ukasz and Polosukhin, Illia},
	booktitle={Advances in neural information processing systems},
	pages={5998--6008},
	year={2017}
}

@article{bruna2013spectral,
	title={Spectral networks and locally connected networks on graphs},
	author={Bruna, Joan and Zaremba, Wojciech and Szlam, Arthur and LeCun, Yann},
	journal={arXiv preprint arXiv:1312.6203},
	year={2013}
}


@inproceedings{defferrard2016convolutional,
	title={Convolutional neural networks on graphs with fast localized spectral filtering},
	author={Defferrard, Micha{\"e}l and Bresson, Xavier and Vandergheynst, Pierre},
	booktitle={Advances in neural information processing systems},
	pages={3844--3852},
	year={2016}
}
@article{kipf2016semi,
	title={Semi-supervised classification with graph convolutional networks},
	author={Kipf, Thomas N and Welling, Max},
	journal={arXiv preprint arXiv:1609.02907},
	year={2016}
}

@inproceedings{liao2019lanczosnet,
	title={LanczosNet: Multi-scale deep graph convo-lutional networks},
	author={Liao, Renjie and Zhao, Zhizhen and Urtasun, Raquel and Zemel, Richard S},
	booktitle={7th International Conference on Learning Representations, ICLR 2019},
	year={2019}
}

@article{levie2018cayleynets,
	title={Cayleynets: Graph convolutional neural networks with complex rational spectral filters},
	author={Levie, Ron and Monti, Federico and Bresson, Xavier and Bronstein, Michael M},
	journal={IEEE Transactions on Signal Processing},
	volume={67},
	number={1},
	pages={97--109},
	year={2018},
	publisher={IEEE}
}
@inproceedings{rustamov2013wavelets,
	title={Wavelets on graphs via deep learning},
	author={Rustamov, Raif and Guibas, Leonidas J},
	booktitle={Advances in neural information processing systems},
	pages={998--1006},
	year={2013}
}
@article{coifman2006diffusion,
	title={Diffusion wavelets},
	author={Coifman, Ronald R and Maggioni, Mauro},
	journal={Applied and Computational Harmonic Analysis},
	volume={21},
	number={1},
	pages={53--94},
	year={2006},
	publisher={Elsevier}
}

@article{ram2011generalized,
	title={Generalized tree-based wavelet transform},
	author={Ram, Idan and Elad, Michael and Cohen, Israel},
	journal={IEEE Transactions on Signal Processing},
	volume={59},
	number={9},
	pages={4199--4209},
	year={2011},
	publisher={IEEE}
}
@inproceedings{gavish2010multiscale,
	title={Multiscale wavelets on trees, graphs and high dimensional data: theory and applications to semi supervised learning},
	author={Gavish, Matan and Nadler, Boaz and Coifman, Ronald R},
	booktitle={Proceedings of the 27th International Conference on International Conference on Machine Learning},
	pages={367--374},
	year={2010}
}
@inproceedings{crovella2003graph,
	title={Graph wavelets for spatial traffic analysis},
	author={Crovella, Mark and Kolaczyk, Eric},
	booktitle={IEEE INFOCOM 2003. Twenty-second Annual Joint Conference of the IEEE Computer and Communications Societies (IEEE Cat. No. 03CH37428)},
	volume={3},
	pages={1848--1857},
	year={2003},
	organization={IEEE}
}
@inproceedings{chen2014unsupervised,
	title={Unsupervised deep haar scattering on graphs},
	author={Chen, Xu and Cheng, Xiuyuan and Mallat, St{\'e}phane},
	booktitle={Advances in Neural Information Processing Systems},
	pages={1709--1717},
	year={2014}
}
@article{zou2019graph,
	title={Graph convolutional neural networks via scattering},
	author={Zou, Dongmian and Lerman, Gilad},
	journal={Applied and Computational Harmonic Analysis},
	year={2019},
	publisher={Elsevier}
}

@article{rustamov2011average,
	title={Average interpolating wavelets on point clouds and graphs},
	author={Rustamov, Raif M},
	journal={arXiv preprint arXiv:1110.2227},
	year={2011}
}

@inproceedings{narang2012multi,
	title={Multi-dimensional separable critically sampled wavelet filterbanks on arbitrary graphs},
	author={Narang, Sunil K and Ortega, Antonio},
	booktitle={2012 IEEE International Conference on Acoustics, Speech and Signal Processing (ICASSP)},
	pages={3501--3504},
	year={2012},
	organization={IEEE}
}

@inproceedings{crovella2003graph,
	title={Graph wavelets for spatial traffic analysis},
	author={Crovella, Mark and Kolaczyk, Eric},
	booktitle={IEEE INFOCOM 2003. Twenty-second Annual Joint Conference of the IEEE Computer and Communications Societies (IEEE Cat. No. 03CH37428)},
	volume={3},
	pages={1848--1857},
	year={2003},
	organization={IEEE}
}

@article{mallat2012group,
	title={Group invariant scattering},
	author={Mallat, St{\'e}phane},
	journal={Communications on Pure and Applied Mathematics},
	volume={65},
	number={10},
	pages={1331--1398},
	year={2012},
	publisher={Wiley Online Library}
}
@inproceedings{gao2019geometric,
	title={Geometric Scattering for Graph Data Analysis},
	author={Gao, Feng and Wolf, Guy and Hirn, Matthew},
	booktitle={International Conference on Machine Learning},
	pages={2122--2131},
	year={2019}
}

@inproceedings{hamilton2017inductive,
	title={Inductive representation learning on large graphs},
	author={Hamilton, Will and Ying, Zhitao and Leskovec, Jure},
	booktitle={Advances in neural information processing systems},
	pages={1024--1034},
	year={2017}
}

@article{cangea2018towards,
	title={Towards sparse hierarchical graph classifiers},
	author={Cangea, C{\u{a}}t{\u{a}}lina and Veli{\v{c}}kovi{\'c}, Petar and Jovanovi{\'c}, Nikola and Kipf, Thomas and Li{\`o}, Pietro},
	journal={arXiv preprint arXiv:1811.01287},
	year={2018}
}
@article{liang2018mile,
	title={Mile: A multi-level framework for scalable graph embedding},
	author={Liang, Jiongqian and Gurukar, Saket and Parthasarathy, Srinivasan},
	journal={arXiv preprint arXiv:1802.09612},
	year={2018}
}

@inproceedings{xu2018powerful,
	author    = {Keyulu Xu and
	Weihua Hu and
	Jure Leskovec and
	Stefanie Jegelka},
	title     = {How Powerful are Graph Neural Networks?},
	booktitle = {7th International Conference on Learning Representations, {ICLR} 2019},
	year      = {2019},
	bibsource = {dblp computer science bibliography, https://dblp.org}
}

@inproceedings{abu2018n,
	title	= {N-GCN: Multi-scale Graph Convolution for Semi-supervised Node Classification},
	author	= {Sami Abu-El-Haija and Amol Kapoor and Bryan Perozzi and Joonseok Lee},
	year	= {2019},
	URL	= {http://auai.org/uai2019/proceedings/papers/310.pdf},
	booktitle	= {Proceedings of the Conference on Uncertainty in Artificial Intelligence (UAI)}
}




@inproceedings{bruna2014spectral,
	author    = {Joan Bruna and
	Wojciech Zaremba and
	Arthur Szlam and
	Yann LeCun},
	title     = {Spectral Networks and Locally Connected Networks on Graphs},
	booktitle = {2nd International Conference on Learning Representations, {ICLR} 2014},
	year      = {2014},
	timestamp = {Thu, 04 Apr 2019 13:20:07 +0200},
	biburl    = {https://dblp.org/rec/journals/corr/BrunaZSL13.bib},
	bibsource = {dblp computer science bibliography, https://dblp.org}
}

@article{wang2014hashing,
	title={Hashing for similarity search: A survey},
	author={Wang, Jingdong and Shen, Heng Tao and Song, Jingkuan and Ji, Jianqiu},
	journal={arXiv preprint arXiv:1408.2927},
	year={2014}
}
@inproceedings{he2016deep,
	title={Deep residual learning for image recognition},
	author={He, Kaiming and Zhang, Xiangyu and Ren, Shaoqing and Sun, Jian},
	booktitle={Proceedings of the IEEE conference on computer vision and pattern recognition},
	pages={770--778},
	year={2016}
}
@article{bronstein2017geometric,
	title={Geometric deep learning: going beyond euclidean data},
	author={Bronstein, Michael M and Bruna, Joan and LeCun, Yann and Szlam, Arthur and Vandergheynst, Pierre},
	journal={IEEE Signal Processing Magazine},
	volume={34},
	number={4},
	pages={18--42},
	year={2017},
	publisher={IEEE}
}
@article{bruna2013invariant,
	title={Invariant scattering convolution networks},
	author={Bruna, Joan and Mallat, St{\'e}phane},
	journal={IEEE transactions on pattern analysis and machine intelligence},
	volume={35},
	number={8},
	pages={1872--1886},
	year={2013},
	publisher={IEEE}
}
@inproceedings{klicpera_predict_2019,
	title = {Predict then Propagate: Graph Neural Networks meet Personalized PageRank},
	author = {Klicpera, Johannes and Bojchevski, Aleksandar and G{\"u}nnemann, Stephan},
	booktitle={International Conference on Learning Representations (ICLR)},
	year = {2019}
}
@inproceedings{ng2002spectral,
	title={On spectral clustering: Analysis and an algorithm},
	author={Ng, Andrew Y and Jordan, Michael I and Weiss, Yair},
	booktitle={Advances in neural information processing systems},
	pages={849--856},
	year={2002}
}

@techreport{page1999pagerank,
	title={The PageRank citation ranking: Bringing order to the web.},
	author={Page, Lawrence and Brin, Sergey and Motwani, Rajeev and Winograd, Terry},
	year={1999},
	institution={Stanford InfoLab}
}
